@article{Escalona2022,
  title={Advances in the modeling and dynamic simulation of reeving systems using the arbitrary Lagrangian–Eulerian modal method},
  author={Escalona, J.L. and Mohammadi, N.},
  journal={Nonlinear Dynamics},
  volume={108},
  number={4},
  pages={3985--4003},
  year={2022},
}

@article{Escalona2017,
  title={An arbitrary Lagrangian–Eulerian discretization method for modeling and simulation of reeving systems in multibody dynamics},
  author={Escalona, J.L.},
  journal={Mechanism and Machine Theory},
  volume={112},  
  pages={1--21},
  year={2017},
}

@article{EscalonaOrzechowskiMikkola2018,
  title={Flexible multibody modeling of reeving systems including
transverse vibrations},
  author={Escalona, José L. and Orzechowski, Grzegorz and Mikkola, Aki},
  journal={Mechanism and Machine Theory},
  volume={44},
  pages={107--133},
  year={2018},
}
